@article{coskun2013survey,
  author    = {Coskun, Vedat and Ozdenizci, Busra and Ok, Kerem},
  journal   = {Wireless personal communications},
  number    = {3},
  pages     = {2259--2294},
  publisher = {Springer},
  title     = {A survey on near field communication (NFC) technology},
  volume    = {71},
  year      = {2013}
}

@article{instruments2014iso,
  author  = {Instruments, Texas},
  journal = {Texas: Texas Instruments},
  title   = {ISO/NFC Standards and Specifications Overview},
  year    = {2014}
}

@article{nxpmifareuidhandling,
  author  = {NXP},
  journal = {NXP Applications notes},
  title   = {AN10927: MIFARE product and handling of UIDs},
  year    = {2018}
}

@article{nxpmifareev1datasheet,
  author  = {NXP},
  journal = {NXP Datasheets},
  title   = {MIFARE Classic EV1 1K - Mainstream contactless smart card IC for fast and easy solution development},
  year    = {2018}
}

@inproceedings{garcia2008dismantling,
  author       = {Garcia, Flavio D and Koning Gans, Gerhard de and Muijrers, Ruben and Rossum, Peter van and Verdult, Roel and Schreur, Ronny Wichers and Jacobs, Bart},
  booktitle    = {European symposium on research in computer security},
  organization = {Springer},
  pages        = {97--114},
  title        = {Dismantling MIFARE classic},
  year         = {2008}
}

@inproceedings{tezcan2017brute,
  author       = {Tezcan, Cihangir},
  booktitle    = {International Conference on Information Systems Security and Privacy},
  organization = {SciTePress},
  pages        = {524--528},
  title        = {Brute force cryptanalysis of MIFARE classic cards on GPU},
  volume       = {2},
  year         = {2017}
}

@article{scarfone2008guide,
  author  = {Scarfone, Karen and Jansen, Wayne and Tracy, Miles and others},
  journal = {NIST Special Publication},
  number  = {123},
  title   = {Guide to general server security},
  volume  = {800},
  year    = {2008}
}

@article{courtois2008algebraic,
  author  = {Courtois, Nicolas T and Nohl, Karsten and O'Neil, Sean},
  journal = {Cryptology ePrint Archive},
  title   = {Algebraic attacks on the crypto-1 stream cipher in mifare classic and oyster cards},
  year    = {2008}
}

@inproceedings{nohl2008reverse,
  author    = {Nohl, Karsten and Evans, David and Starbug, Starbug and Pl{\"o}tz, Henryk},
  booktitle = {USENIX security symposium},
  title     = {Reverse-Engineering a Cryptographic RFID Tag.},
  volume    = {28},
  year      = {2008}
}

@article{secRFIDMutualAuth,
  author  = {Huang, Kuo},
  doi     = {10.5121/ijnsa.2012.4602},
  journal = {International Journal of Network Security and Its Applications},
  month   = {11},
  pages   = {17-31},
  title   = {Secured RFID Mutual Authentication Scheme for Mifare Systems},
  volume  = {4},
  year    = {2012}
}

@article{Courtois2009TheDS,
  author  = {Nicolas T. Courtois},
  journal = {IACR Cryptol. ePrint Arch.},
  pages   = {137},
  title   = {The Dark Side of Security by Obscurity - and Cloning MiFare Classic Rail and Building Passes, Anywhere, Anytime},
  volume  = {2009},
  year    = {2009}
}

@article{gren2011grain,
  title={Grain-128a: a new version of Grain-128 with optional authentication},
  author={? gren, Martin and Hell, Martin and Johansson, Thomas and Meier, Willi},
  journal={International Journal of Wireless and Mobile Computing},
  volume={5},
  number={1},
  pages={48--59},
  year={2011},
  publisher={Inderscience Publishers}
}

@article{feldhofer2005aes,
  author    = {Feldhofer, Martin and Wolkerstorfer, Johannes and Rijmen, Vincent},
  journal   = {IEE Proceedings-Information Security},
  number    = {1},
  pages     = {13--20},
  publisher = {IET},
  title     = {AES implementation on a grain of sand},
  volume    = {152},
  year      = {2005}
}

@inproceedings{verdult2012gone,
  author    = {Verdult, Roel and Garcia, Flavio D and Balasch, Josep},
  booktitle = {21st USENIX Security Symposium (USENIX Security 12)},
  pages     = {237--252},
  title     = {Gone in 360 seconds: Hijacking with Hitag2},
  year      = {2012}
}

@article{fermevc2016low,
  author  = {Fermevc, Igor and Adamovi{\'c}, Sa{\v{s}}a},
  journal = {Serbian Journal of Electrical Engineering},
  number  = {3},
  pages   = {361--368},
  title   = {Low-cost portable TRNG, implementation and evaluation},
  volume  = {13},
  year    = {2016}
}

@inproceedings{sonnerup2019efficient,
  author       = {S{\"o}nnerup, Jonathan and Hell, Martin and S{\"o}nnerup, Mattias and Khattar, Ripudaman},
  booktitle    = {International Conference on Cryptology in India},
  organization = {Springer},
  pages        = {495--513},
  title        = {Efficient hardware implementations of Grain-128AEAD},
  year         = {2019}
}